
@incollection{tomas_de_aquino_as_2002,
	address = {São Paulo},
	title = {As potências da alma em geral},
	volume = {2},
	isbn = {85-15-02433-0},
	language = {Português},
	booktitle = {Suma {Teológica}},
	publisher = {Edições Loyola},
	author = {TOMÁS DE AQUINO},
	year = {2002},
	pages = {402--419}
}

@article{field_st._1984,
	title = {St. {Thomas} {Aquinas} on {Properties} and the {Powers} of the {Soul}},
	volume = {40},
	doi = {https://doi.org/10.7202/400093ar},
	number = {2},
	journal = {Laval théologique et philosophique},
	author = {Field, Richard},
	year = {1984},
	pages = {203--215}
}

@article{russell_leibnizs_1976,
	title = {Leibniz's {Philosophy} of {Science}},
	volume = {8},
	issn = {00393185},
	url = {http://www.jstor.org/stable/40693787},
	abstract = {Zu einer bestimmten Zeit war Leibniz der Überzeugung, die Naturgesetze seien aus dem Begriff der Materie als dessen, was Raum erfüllt, ableitbar. Der Autor zeigt, wie Leibniz unter dem Einfluß von Huygens zur Aufgabe dieser Überzeugung gelangte. Ferner diskutiert er die Prinzipien, die Leibniz in seiner Philosophie der Wissenschaft zu benutzen begann, und zwar die Prinzipien des Grundes, des Besten, der Kontinuität, der größten Mannigfaltigkeit und der größten Determiniertheit. Er erläutert außerdem die Argumente, die Leibniz aus der Physik für die Wiedereinführung der substantiellen Formen herleitete, und legt dar, daß nichts von dem, was Leibniz über die substantiellen Formen sagt, irgendetwas zur Rechtfertigung des Kraftgesetzes, das einen Teil seiner Physik bildet, beiträgt.},
	number = {1},
	journal = {Studia Leibnitiana},
	author = {RUSSELL, L J},
	year = {1976},
	note = {Publisher: Franz Steiner Verlag
Citation Key: 10.2307/40693787},
	pages = {1--17}
}

@book{losee_introducao_2000,
	address = {Belo Horizonte},
	title = {Introdução {Histórica} a {Filosofia} da {Ciência}},
	publisher = {Editora Itatiaia},
	author = {Losee, Jonh},
	year = {2000}
}

@incollection{tuggy_trinity_2016,
	edition = {Winter 201},
	title = {Trinity},
	booktitle = {The {Stanford} {Encyclopedia} of {Philosophy}},
	publisher = {Metaphysics Research Lab, Stanford University},
	author = {Tuggy, Dale},
	editor = {Zalta, Edward N},
	year = {2016},
	note = {Medium: {\textbackslash}url\{https://plato.stanford.edu/archives/win2016/entries/trinity/\}}
}

@incollection{edwards_origen_2018,
	edition = {Summer 201},
	title = {Origen},
	booktitle = {The {Stanford} {Encyclopedia} of {Philosophy}},
	publisher = {Metaphysics Research Lab, Stanford University},
	author = {Edwards, Mark J},
	editor = {Zalta, Edward N},
	year = {2018},
	note = {Medium: {\textbackslash}url\{https://plato.stanford.edu/archives/sum2018/entries/origen/\}}
}

@book{boehner_historia_2009,
	address = {Petrópolis, RJ},
	edition = {12},
	title = {História da {Filosofia} {Cristã}},
	isbn = {978-85-326-0737-9},
	publisher = {Vozes},
	author = {Boehner, Philotheus and Gilson, Etienne},
	year = {2009}
}

@book{abbagnano_historia_1999,
	address = {Lisboa},
	edition = {5},
	title = {História da {Filosofia}, vol. 2},
	publisher = {Editorial Presença},
	author = {Abbagnano, Nicola},
	year = {1999}
}

@article{strefling_os_2014,
	title = {{OS} {SETE} {GRAUS} {DE} {ATIVIDADE} {DA} {ANIMAE} {DE} {SANTO} {AGOSTINHO}},
	number = {397},
	author = {Strefling, Sérgio Ricardo},
	year = {2014},
	keywords = {397, a imensa obra de, aconselhamos o estudo da, agostinho, aparece o problema da, como conhecimento e amor, da cidade de deus, das confissões, deus e o destino, do homem, e também como autor, em especial como autor, memória e presença, onde já, que quer e não, quer, sabedoria, se entender a preocupação, sobre a vida e, um verdadeiro colosso para, vontade, ética do africano},
	pages = {179--200}
}

@book{clatterbaugh_causation_2014,
	address = {New York},
	title = {The {Causation} {Debate} in {Modern} {Philosophy}, 1637-1739},
	isbn = {978-1-317-82810-5},
	abstract = {The Causation Debate in Modern Philosophy examines the debate that began as modern science separated itself from natural philosophy in the sixteenth and seventeenth centuries. The book specifically explores the two dominant approaches to causation as a metaphysical problem and as a scientific problem.},
	publisher = {Routledge},
	author = {Clatterbaugh, Kenneth},
	year = {2014}
}

@article{schmidt_o_2007,
	title = {O pensamento epistemológico de {Karl} {Popper}},
	volume = {7},
	abstract = {Desde a antiguidade, o critério de demarcação entre o que é ciência e o que não é ciência tem sido discutido. A noção que então se tinha de ciência coincidia com a busca do saber absoluto. Tornava-se necessária, para os pensadores gregos, entre eles, Aristóteles, Pitágoras e Descartes, a consolidação de uma distinção precisa entre o saber contingente e o saber necessário, pois o único discurso que poderia satisfazer às exigências do rigor científico era aquele que apontasse, nos fenômenos, conexões causais cuja necessidade pudesse ser demonstrada. Antes de Popper, o pensamento filosófico ocidental atravessou séculos tentando explicar por que nossas teorias frequentemente estavam erradas. Em sua obra fundamental, A Lógica da Pesquisa Científica, Karl Popper coloca em novos termos a discussão epistemológica ao demonstrar que o erro, em vez de ser um mal que pode ser evitado através do recurso a algum procedimento metodológico específico, constitui componente inevitável de qualquer teoria científica, sendo o motor pelo qual a ciência se move. Buscando captar a lógica do desenvolvimento da ciência, Popper inicia sua exposição destruindo aquele etc.},
	number = {11},
	journal = {ConTexto},
	author = {Schmidt, Paulo and dos Santos, José Luiz},
	year = {2007},
	pages = {1--15}
}

@article{schneider_life_1994,
	title = {Life as a {Manifestation} of the 2nd {Law} of {Thermodynamics}},
	volume = {19},
	issn = {08957177},
	doi = {10.1016/0895-7177(94)90188-0},
	abstract = {We examine the thermodynamic evolution of various evolving systems, from primitive physical systems to complex living systems, and conclude that they involve similar processes which are phenomenological manifestations of the second law of thermodynamics. We take the reformulated second law of thermodynamics of Hatsopoulos and Keenan and Kestin and extend it to nonequilibrium regions, where nonequilibrium is described in terms of gradients maintaining systems at some distance away from equilibrium. The reformulated second law suggests that as systems are moved away from equilibrium they will take advantage of all available means to resist externally applied gradients. When highly ordered complex systems emerge, they develop and grow at the expense of increasing the disorder at higher levels in the system's hierarchy. We note that this behaviour appears universally in physical and chemical systems. We present a paradigm which provides for a thermodynamically consistent explanation of why there is life, including the origin of life, biological growth, the development of ecosystems, and patterns of biological evolution observed in the fossil record. We illustrate the use of this paradigm through a discussion of ecosystem development. We argue that as ecosystems grow and develop, they should increase their total dissipation, develop more complex structures with more energy flow, increase their cycling activity, develop greater diversity and generate more hierarchical levels, all to abet energy degradation. Species which survive in ecosystems are those that funnel energy into their own production and reproduction and contribute to autocatalytic processes which increase the total dissipation of the ecosystem. In short, ecosystems develop in ways which systematically increase their ability to degrade the incoming solar energy. We believe that our thermodynamic paradigm makes it possible for the study of ecosystems to be developed from a descriptive science to predictive science founded on the most basic principle of physics.},
	number = {6},
	journal = {Mathematical and Computer Modelling},
	author = {Schneider, E D and Kay, J J},
	year = {1994},
	pmid = {2034},
	note = {ISBN: 0895717719},
	keywords = {entropy, evolution, simple biosphere model, systems},
	pages = {25--48}
}

@book{losee_introducao_1979,
	address = {Belo Horizonte},
	title = {Introdução histórica à {Filosofia} da {Ciência}},
	publisher = {Editora Itatiaia Limitada},
	author = {Losee, Jonh},
	year = {1979}
}

@inproceedings{gueiros_modeling_2016,
	title = {Modeling and simulation of electromagnetic phenomena through multiagent systems},
	volume = {1667},
	abstract = {Unlike other fields of study in physics, the electromagnetism area requires a major effort for both teacher and students in order that the latter may adequately learn the concepts taught. Experimentation, via the use of electronic equipment and practical activities, and modeling/simulation through computer programs, are the main approaches employed to improve physics education in secondary and higher education. This work aims at the construction of novel simulation models of electromagnetic phenomena in order to use them in the classroom as a means to contribute to a better performance of the students in this field of study.},
	booktitle = {{CEUR} {Workshop} {Proceedings}},
	author = {Gueiros, L.D. and Cavalcanti, E.R. and Do Nascimento, R.L.P.},
	year = {2016},
	note = {ISSN: 16130073}
}

@article{frateschi_liberdade_2007,
	title = {Liberdade e {Livre}-arbítrio em {Hobbes}},
	volume = {3},
	url = {https://www.cle.unicamp.br/eprints/index.php/cadernos/article/view/584/463},
	number = {1},
	journal = {Caderno de História e Filosofia da Ciência},
	author = {Frateschi, Yara},
	year = {2007},
	pages = {109--124}
}

@article{noauthor_angustia_nodate,
	title = {a angústia, a morte e o nada em {Heidegger}.}
}

@article{noauthor_autenticidade_nodate,
	title = {autenticidade, angústia e decadência em {Martin} {Heidegger}}
}

@article{noauthor_nocao_nodate,
	title = {a noção de angústia no pensamento de {Martin} {Heidegger}}
}

@phdthesis{noauthor_o_nodate,
	title = {o {Dasein} suspenso no nada}
}

@article{noauthor_temporalidade_nodate,
	title = {temporalidade e propriedade em ser e tempo de {Heidegger}.}
}

@article{patti_introducao_nodate,
	title = {Introdução onforme atesta o {Ministério} da {Educação} ( {MEC} ), o {Programa} {En}- sino {Médio} {Inovador} surgiu como uma forma de incentivar as redes estaduais de educação a criar iniciativas inovadoras para o com atividades integradoras a partir dos eixos trabalho},
	volume = {31},
	author = {Patti, Daniela and Oliveira, Renato José De and Contramão, N A and Ensino, D O and Inovador, Médio},
	pages = {209--230}
}

@article{hermide_menquini_braga_metafora_2010,
	title = {A {MET}\{Á\}{FORA} {VIVA} {DE} {PAUL} {RICOUER}},
	url = {https://revistas.pucsp.br/index.php/ultimoandar/article/view/13291/9799},
	abstract = {Ricouer parte da Po\{é\}tica de Arist\{ó\}teles que considera a met\{á\}fora composta por di\{á\}fora e
epifora. Nessa conceitua\{ç\}\{ã\}o percebe-se a ep\{í\}fora1
como a alma da met\{á\}fora. O material da ep\{í\}fora liga-se
ao potencial criativo do poema e depende da intui\{ç\}\{ã\}o, respons\{á\}vel pela percep\{ç\}\{ã\}o do \{í\}cone.Por outro
lado, aquilo que contemporaneamente se sabe do imagin\{á\}rio vem de Gaston Bachelar2
(assun\{ç\}\{ã\}o de Paul
Ricoeur). A fenomenologia do imagin\{á\}rio, de certa forma admite uma origem ps\{í\}quica para a linguagem
po\{é\}tica.. Paul Ricoeur levanta, ent\{ã\}o, meta que ele considera a solu\{ç\}\{ã\}o da quest\{ã\}o; investigar a
possibilidade de a denota\{ç\}\{ã\}o n\{ã\}o ser apenas a forma de express\{ã\}o dos enunciados cient\{í\}ficos. A
refer\{ê\}ncia invertida produz denota\{ç\}\{ã\}o metaf\{ó\}rica, n\{ã\}o conota\{ç\}\{ã\}o, pode-se dizer uma forma est\{á\}vel,
racional, harmonizada com a postura contempor\{â\}nea das ci\{ê\}ncias, da filosofia da linguagem, que
reconhece na expressividade do s\{í\}mbolo o potencial, independente da emo\{ç\}\{ã\}o.},
	number = {18},
	journal = {\{Ú\}ltimo Andar},
	author = {{Hermide Menquini Braga}},
	year = {2010},
	note = {Citation Key: HermideMenquiniBraga2010},
	pages = {24--42}
}

@article{ana_luiza_silva_camarani_fantastico_2001,
	title = {Fant\{á\}stico e {Realismo} em {A} pele de onagro},
	volume = {4},
	url = {http://seer.fclar.unesp.br/lettres/article/view/1295/1041},
	journal = {Lettres Fran\{ç\}aises},
	author = {{Ana Luiza Silva Camarani}},
	year = {2001},
	note = {Citation Key: AnaLuizaSilvaCamarani2001},
	pages = {69--86}
}

@phdthesis{ugarteche_martin;_dos_santos_metafora_2008,
	type = {Disserta\{ç\}\{ã\}o de {Mestrado}},
	title = {A {MET}\{Á\}{FORA} {EM} {SANTO} {TOM}\{Á\}{S} {DE} {AQUINO} {E} {PAUL} {RICOEUR}},
	url = {https://www.maxwell.vrac.puc-rio.br/Busca%7B_%7Detds.php?strSecao=resultado%7B&%7DnrSeq=12438@1},
	abstract = {O estudo visa mostrar a natureza da met\{á\}fora, e em particular seu valor especulativo e fundamento ontol\{ó\}gico (ou ontologia impl\{í\}cita) para Santo Tom\{á\}s de Aquino e Paul Ricoeur, realizando uma compara\{ç\}\{ã\}o entre as duas concep\{ç\}\{õ\}es. Em um primeiro momento, \{é\} apresentada a concep\{ç\}\{ã\}o tomista da met\{á\}fora, atrav\{é\}s do recurso a quatro int\{é\}rpretes do Aquinate (Penido, McInerny, Cruz e Duffy). Em um segundo momento \{é\} apresentada a concep\{ç\}\{ã\}o de Paul Ricoeur, especialmente em A met\{á\}fora viva. Na parte final do trabalho, s\{ã\}o comparadas a incorpora\{ç\}\{ã\}o da imagem no discurso especulativo (valor especulativo da met\{á\}fora) e a rela\{ç\}\{ã\}o met\{á\}fora-ontologia (fundamento ontol\{ó\}gico da met\{á\}fora) nos dois autores.},
	school = {Pontif\{í\}cia Universidade Cat\{ó\}lica do Rio de Janeiro},
	author = {Ugarteche, Martín; dos Santos, Carlos Alberto Gomes},
	year = {2008},
	doi = {https://doi.org/10.17771/PUCRio.acad.12438},
	note = {Citation Key: UgartecheMartin;dosSantos2008},
	keywords = {Met\{á\}fora, conhecimento, ontologi}
}

@article{begue_metafora_2013,
	title = {La met\{á\}fora viva de {Paul} {Ricoeur} comentada},
	volume = {3, n\{º\} 5},
	journal = {Teoliter\{á\}ria},
	author = {Begué, Marie- France},
	year = {2013},
	note = {Citation Key: Begue2013},
	pages = {48--86}
}

@article{mazzali_retorica:_nodate,
	title = {Ret\{ó\}rica: de {Arist}\{ó\}teles a {Perelman}},
	author = {Mazzali, Gisele Cristina},
	note = {Citation Key: Mazzali}
}

@book{paul_ricouer_metafora_2000,
	address = {S\{ã\}o Paulo},
	edition = {1},
	title = {A {Met}\{á\}fora {Viva}},
	publisher = {Edi\{ç\}\{õ\}es Loyola},
	author = {{Paul Ricouer}},
	year = {2000},
	note = {Citation Key: PaulRicouer2000}
}

@inproceedings{marques_metafora_2008,
	address = {Rio de Janeiro},
	title = {A {MET}\{Á\}{FORA} {EM} {TR}\{Ê\}{S} {N}\{Í\}{VEIS}:{A} {ESTRUTURA}\{Ç\}\{Ã\}{O} {DE} {RICOEUR}},
	url = {http://www.filologia.org.br/xiicnlf/textos%7B_%7Dcompletos/A},
	booktitle = {{XII} {CONGRESSO} {NACIONAL} {DE} {LING}\{Ü\}\{Í\}{STICA} {E} {FILOLOGIA}},
	author = {Marques, Luciana Moraes Barcelos},
	year = {2008},
	note = {Citation Key: Marques2008}
}

@article{imaginacao_metafora_2014,
	title = {Met\{á\}fora e imagina\{ç\}\{ã\}o po\{é\}tica em paul ric\{œ\}ur},
	author = {Imaginação, Metáfora E and Em, Poética and Ricœur, Paul},
	year = {2014},
	note = {Citation Key: Imaginacao2014}
}

@phdthesis{ugarteche_martin;_dos_santos_metafora_2008-1,
	type = {Dissertação de {Mestrado}},
	title = {A {METÁFORA} {EM} {SANTO} {TOMÁS} {DE} {AQUINO} {E} {PAUL} {RICOEUR}},
	url = {https://www.maxwell.vrac.puc-rio.br/Busca_etds.php?strSecao=resultado&nrSeq=12438@1},
	abstract = {O estudo visa mostrar a natureza da metáfora, e em particular seu valor especulativo e fundamento ontológico (ou ontologia implícita) para Santo Tomás de Aquino e Paul Ricoeur, realizando uma comparação entre as duas concepções. Em um primeiro momento, é apresentada a concepção tomista da metáfora, através do recurso a quatro intérpretes do Aquinate (Penido, McInerny, Cruz e Duffy). Em um segundo momento é apresentada a concepção de Paul Ricoeur, especialmente em A metáfora viva. Na parte final do trabalho, são comparadas a incorporação da imagem no discurso especulativo (valor especulativo da metáfora) e a relação metáfora-ontologia (fundamento ontológico da metáfora) nos dois autores.},
	school = {Pontifícia Universidade Católica do Rio de Janeiro},
	author = {Ugarteche, Martín; dos Santos, Carlos Alberto Gomes},
	year = {2008},
	doi = {https://doi.org/10.17771/PUCRio.acad.12438},
	note = {Citation Key: UgartecheMartin;dosSantos2008},
	keywords = {Metáfora, conhecimento, ontologi}
}

@article{simpson_study_1981,
	title = {{THE} {STUDY} {OF} {METAPHOR}},
	volume = {9},
	abstract = {The Oxford English Dictionary defines " metaphor " as " the figure of speech in which a name or descriptive term is transferred to some object different from, but analogous to, that to which it is properly applicable. " 1 This statement may appear straightforward enough to stand as the undisputed definition of this key word " metaphor, " but in reality it overlooks the existence of the intense discussion which has surrounded this topic in the last forty years. As recently as 1981, philosopher Mark Johnson could justly write, We are in the midst of metaphormania. Only three decades ago the situation was just the opposite: poets created metaphors, everybody used them, and philosophers . . . ignored them. Today we seem possessed by metaphor. 2 The standard definition given above quite accurately reflects the understanding that has prevailed from as early as Aristotle up to the first half of the twentieth century when it was challenged at its very foundation. At present, while the " mania " has subsided it has also diversified to the point that serious creative reflection concerning the nature and function of metaphor has ——————————————— 1 " Metaphor, " in The Oxford English Dictionary, 2 nd ed., prepared by J.},
	urldate = {2017-07-03},
	journal = {Philosophical Perspectives on Metaphor},
	author = {Simpson, A and Weiner, E S C},
	year = {1981},
	note = {Publisher: University of Minnesota Press
Citation Key: Simpson1981}
}

@article{sunkenberg_between_nodate,
	title = {{BETWEEN} {REALITY} {AND} {FICTION}: {PAUL} {RICOEUR}'{S} {LA} {METAPHORE} {VIVE}},
	author = {Sunkenberg, Jenna},
	note = {Citation Key: Sunkenberg}
}

@article{mazzali_retorica:_nodate-1,
	title = {Retórica: de {Aristóteles} a {Perelman}},
	urldate = {2017-06-30},
	author = {Mazzali, Gisele Cristina},
	note = {Citation Key: Mazzali}
}

@article{panneerselvam_metaphorical_1994,
	title = {Metaphorical reference in {Paul} {Ricouer}},
	volume = {XXI},
	number = {1},
	journal = {Indian Philosophical Quarterly},
	author = {Panneerselvam, S.},
	year = {1994},
	note = {Citation Key: Panneerselvam1994}
}

@article{imaginacao_metafora_2014-1,
	title = {Metáfora e imaginação poética em paul ricœur},
	author = {Imaginação, Metáfora E and Em, Poética and Ricœur, Paul},
	year = {2014},
	note = {Citation Key: Imaginacao2014},
	keywords = {★}
}

@inproceedings{marques_metafora_2008-1,
	address = {Rio de Janeiro},
	title = {A {METÁFORA} {EM} {TRÊS} {NÍVEIS}:{A} {ESTRUTURAÇÃO} {DE} {RICOEUR}},
	booktitle = {{XII} {CONGRESSO} {NACIONAL} {DE} {LINGÜÍSTICA} {E} {FILOLOGIA}},
	author = {Marques, Luciana Moraes Barcelos},
	year = {2008},
	note = {Citation Key: Marques2008}
}

@article{begue_metafora_2013-1,
	title = {La metáfora viva de {Paul} {Ricoeur} comentada},
	volume = {3, nº 5},
	journal = {Teoliterária},
	author = {Begué, Marie- France},
	year = {2013},
	note = {Citation Key: Begue2013},
	pages = {48-- 86}
}
@article{ana_luiza_silva_camarani_fantastico_2001,
	title = {Fantástico e {Realismo} em {A} pele de onagro},
	volume = {4},
	url = {http://seer.fclar.unesp.br/lettres/article/view/1295/1041},
	journal = {Lettres Françaises},
	author = {{Ana Luiza Silva Camarani}},
	year = {2001},
	note = {Citation Key: AnaLuizaSilvaCamarani2001},
	pages = {69--86}
}

@article{hermide_menquini_braga_metafora_2010,
	title = {A {METÁFORA} {VIVA} {DE} {PAUL} {RICOUER}},
	url = {https://revistas.pucsp.br/index.php/ultimoandar/article/view/13291/9799},
	abstract = {Ricouer parte da Poética de Aristóteles que considera a metáfora composta por diáfora e 
epifora. Nessa conceituação percebe-se a epífora1 
como a alma da metáfora. O material da epífora liga-se 
ao potencial criativo do poema e depende da intuição, responsável pela percepção do ícone.Por outro 
lado, aquilo que contemporaneamente se sabe do imaginário vem de Gaston Bachelar2 
(assunção de Paul 
Ricoeur). A fenomenologia do imaginário, de certa forma admite uma origem psíquica para a linguagem 
poética.. Paul Ricoeur levanta, então, meta que ele considera a solução da questão; investigar a 
possibilidade de a denotação não ser apenas a forma de expressão dos enunciados científicos. A 
referência invertida produz denotação metafórica, não conotação, pode-se dizer uma forma estável, 
racional, harmonizada com a postura contemporânea das ciências, da filosofia da linguagem, que 
reconhece na expressividade do símbolo o potencial, independente da emoção.},
	number = {18},
	journal = {Último Andar},
	author = {{Hermide Menquini Braga}},
	year = {2010},
	note = {Citation Key: HermideMenquiniBraga2010},
	pages = {24--42}
}

@book{paul_ricouer_metafora_2000,
	address = {São Paulo},
	edition = {1},
	title = {A {Metáfora} {Viva}},
	publisher = {Edições Loyola},
	author = {{Paul Ricouer}},
	year = {2000},
	note = {Citation Key: PaulRicouer2000}
}

@article{noauthor_82_nodate,
	title = {82}
}

@article{tavares_construindo_2007,
	title = {Construindo mapas conceituais},
	volume = {12},
	issn = {18065821},
	abstract = {Resumo O mapa conceitual é uma estrutura esquemática para representar um conjunto de conceitos imersos numa rede de proposições. Ele é considerado como um estruturador do conhecimento, na medida em que permite mostrar como o conhecimento sobre determinado assunto está organizado na estrutura cognitiva de seu autor, que assim pode visualizar e analisar a sua profundidade e a extensão. Ele pode ser entendido como uma representação visual utilizada para partilhar significados, pois explicita como o autor entende as relações entre os conceitos enunciados. O mapa conceitual se apóia fortemente na teoria da aprendizagem significativa de David Ausubel, que menciona que o ser humano organiza o seu conhecimento através de uma hierarquização dos conceitos. © Ciências \& Cognição 2007; Vol. 12: 72-85},
	journal = {Ciência e Cognição},
	author = {Tavares, Romero},
	year = {2007},
	keywords = {aprendizagem significativa, construção de significados, estrutura cognitiva, hierarquia de conceitos},
	pages = {72--85}
}

@article{ruiz-moreno_mapa_2007,
	title = {Mapa conceitual: ensaiando critérios de análise},
	volume = {13},
	issn = {1516-7313},
	doi = {10.1590/S1516-73132007000300012},
	abstract = {Os Mapas Conceituais constituem importante instrumento para acompanhar a aprendizagem, demandando compreender os processos de construção. Este trabalho se propõe a apresentar e discutir critérios de análise de mapas conceituais elaborados por pós-graduandos do Mestrado “Ensino em Ciências da Saúde”. Os critérios de análise foram: quantidade e qualidade de conceitos, níveis de hierarquia, número de inter-relações, palavras de enlace e proposições com significado lógico, estrutura do mapa, representatividade dos conteúdos e criatividade. Identificaram-se estruturas hierárquicas de significativa riqueza conceitual e representatividade dos temas trabalhados. Acredita-se que o processo de construção levou aos alunos a estabelecerem relações entre os novos conteúdos e seus conhecimentos prévios, criando maiores possibilidades de integração. A análise empreendida mostrou-se valiosa como uma ferramenta de trabalho para o professor da área da saúde, para desenvolver práticas avaliativas comprometidas em apreender os processos de aprendizagem dos alunos.},
	journal = {Ciência \& Educação (Bauru)},
	author = {Ruiz-Moreno, Lidia and Sonzogno, Maria Cecília and Batista, Sylvia Helena Da Silva and Batista, Nildo Alves},
	year = {2007},
	keywords = {br, cedess, centro de desenvolvimento do, ciências da saúde, concept map, doutora em ciências biológicas, em, ensino superior em saúde, epm, learning evaluation, lidia, paulo, professora, programa de pós-graduação ensino, ruiz, sp, são paulo, teaching in health sciences, unifesp, universidade federal de são},
	pages = {453--463}
}

@article{tavares_aprendizagem_2008,
	title = {Aprendizagem significativa e o ensino de ciências},
	volume = {13},
	url = {http://www.cienciasecognicao.org/revista/index.php/cec/article/view/687},
	number = {1},
	journal = {Ciências \& Cognição},
	author = {Tavares, Romero},
	year = {2008},
	keywords = {aprendizagem significativa, ensino de ciências},
	pages = {94--100}
}

@article{tavares_aprendizagem_2004,
	title = {Aprendizagem significativa},
	issn = {16792009},
	doi = {10.5216/rir.v2i15.27795},
	journal = {Conceitos},
	author = {Tavares, Romero},
	year = {2004},
	pages = {55--60}
}

@article{faust_mapas_2014,
	title = {Mapas conceituais: uma proposta para o ensino de {Filosofia} no ensino médio},
	author = {Faust, Daiane Cristina},
	year = {2014},
	pages = {1--16}
}

@article{novak_teoria_2000,
	title = {Teoria da {Aprendizagem} {Significativa}},
	journal = {Contributos do III Encontro Internacional sobre Aprendizagem Significativa},
	author = {Novak, J. d: and Moreira, M. A: and Valadares, J. A. and Cachapuz, A. F. and Praia, J. F. and Martínez, R. D. and Montero, Y. H. and Pedrosa, M. E.},
	year = {2000},
	pages = {147}
}

@article{faust_no_2014,
	title = {No presente artigo, proponho a utilização de um recurso didático já conhecido no campo da educação, porém ainda pouco explorado pelos professores de {Filosofia} que atuam no ensino médio das escolas do país, a saber, o mapa conceitual. {Outrossim}, teço breve},
	author = {Faust, Daiane Cristina},
	year = {2014},
	pages = {1--16}
}

@article{sousa_utilizacao_2015,
	title = {A utilização da teoria da aprendizagem significativa no ensino da {Enfermagem}},
	volume = {68},
	issn = {0034-7167},
	doi = {10.1590/0034-7167.2015680420i},
	number = {4},
	author = {Sousa, Alana and Formiga, Nilton and Oliveira, Simone and Costa, Marta and Soares, Maria},
	year = {2015},
	pmid = {26422045},
	keywords = {learning, nursing, teaching},
	pages = {713--722}
}

@article{moreira_aprendizagem_2012,
	title = {{APRENDIZAGEM} {SIGNIFICATIVA}, {ORGANIZADORES} {PRÉVIOS}, {MAPAS} {CONCEITUAIS}, {DIAGRAMAS} {V} e {UNIDADES} {DE} {ENSINO} {POTENCIALMENTE} {SIGNIFICATIVAS}},
	volume = {25},
	journal = {Revista Qurriculum, La Laguna},
	author = {Moreira, Marco Antonio},
	year = {2012},
	pages = {29--56}
}

@article{moreira_aprendizagem_2013,
	title = {Aprendizagem significativa em mapas conceituais},
	volume = {24},
	number = {6},
	journal = {Textos de Apoio ao Professor de F\{í\}sica},
	author = {Moreira, Marco Antonio},
	year = {2013}
}

@article{moreira_mapas_2005,
	title = {Mapas {Conceituais} e {Aprendizagem} {Significativa}},
	volume = {1},
	abstract = {Mapas conceituais são propostos como uma estratégia potencialmente facilitadora de uma aprendizagem significativa. Além disso, apresenta-se sua fundamentação teórica e são dados exemplos, particularmente na área de ciências.},
	number = {2},
	journal = {Revista Chilena de Educação Científica},
	author = {Moreira, Marco Antonio},
	year = {2005},
	note = {ISBN: 9788579280054},
	keywords = {aprendizagem significativa, ensino de ciências, mapas conceituais},
	pages = {38--44}
}

@article{ausubel_aquisicao_2000,
	title = {Aquisição e {Retenção} de {Conhecimentos}: {Uma} {Perspectiva} {Cognitiva}},
	abstract = {AUSUBEL, David P. Aquisição e retenção de conhecimentos: uma perspectiva cognitiva. Lisboa: Plátano, v. 1, 2003},
	journal = {Plátano Edições Técnicas},
	author = {Ausubel, David},
	year = {2000},
	note = {ISBN: 972 - 707 - 364 - 6},
	pages = {35}
}

@article{supervisionado_significativa_2011,
	title = {Significativa {David} {Ausubel} {David} {Ausubel} {Princípios} {Definição} {Conceitos} {Importantes} {Conceitos} {Importantes} {Como} se processa {Aprendizagem} {Significativa} ou {Condições} para {Aprendizagem} {Significativa} {Como} não recair na {Aprendizagem} {Mecânica} ?},
	author = {Supervisionado, Curricular and Educacional, Psicologia},
	year = {2011}
}

@article{ciencias_aprendizagem_2014,
	title = {{APRENDIZAGEM} {SIGNIFICATIVA}: {UM} {CONCEITO} {SUBJACENTE}},
	volume = {4},
	abstract = {A aprendizagem significativa como um conceito subjacente a subsunçores, esquemas de assimilação, internalização de instrumentos e signos, construtos pessoais e modelos mentais, significados compartilhados e integração construtiva de pensamentos, sentimentos e ações.},
	number = {3},
	author = {Ciências, Prévio E Ensino D E and Jamerson, José and Chagas, Teles and Sovierzoski, Hilda Helena},
	year = {2014},
	keywords = {meaningful learning, prior knowledge, science teaching},
	pages = {37--52}
}

@article{dorneles_integracao_2012,
	title = {Integração entre atividades computacionais e experimentais como recurso instrucional no ensino de eletromagnetismo em {Física} {Geral}},
	volume = {18},
	issn = {1516-7313},
	doi = {10.1590/S1516-73132012000100007},
	abstract = {Investigam-se formas de integração entre atividades computacionais e experimentais de modo a torná-las complementares, auxiliando os alunos a atingirem uma aprendizagem significativa de conceitos de Física e compreenderem algumas ideias sobre modelos científicos. A proposta didática, fundamentada: na teoria de Ausubel sobre aprendizagem significativa, na visão epistemológica de Bunge sobre modelos teóricos, e na teoria sociointeracionista de Vygotsky, foi aplicada a uma turma de licenciatura em Física da UFRGS, abrangendo todo o conteúdo de Eletromagnetismo em nível de Física Geral. Os resultados mostram que a integração proposta pode proporcionar aos alunos uma visão epistemológica mais adequa- da sobre o papel dos modelos teóricos em Física e das atividades computacionais e experimentais nos processos de aprendizagem, promovendo a interatividade e seu engajamento no próprio aprendizado, e transformando a sala de aula em um ambiente propício para uma aprendizagem significativa. Palavras-chave:},
	number = {1},
	journal = {Ciência \& Educação},
	author = {Dorneles, Pedro Fernando Teixeira and Araujo, Ives Solano and Veit, Eliane Angela},
	year = {2012},
	note = {Citation Key: Dorneles2012},
	keywords = {computer activities, electromagnetism, experimental activities, higher ed-, physics teaching, ★},
	pages = {99--122}
}

@article{fallis_t_2013,
	title = {T {EORIA} {DA} {APRENDIZAGEM} {SIGNIFICATIVA} {SEGUNDO} {AUSUBEL}},
	volume = {53},
	issn = {1098-6596},
	doi = {10.1017/CBO9781107415324.004},
	abstract = {Predicting the binding mode of flexible polypeptides to proteins is an important task that falls outside the domain of applicability of most small molecule and protein−protein docking tools. Here, we test the small molecule flexible ligand docking program Glide on a set of 19 non-α-helical peptides and systematically improve pose prediction accuracy by enhancing Glide sampling for flexible polypeptides. In addition, scoring of the poses was improved by post-processing with physics-based implicit solvent MM- GBSA calculations. Using the best RMSD among the top 10 scoring poses as a metric, the success rate (RMSD ≤ 2.0 Å for the interface backbone atoms) increased from 21\% with default Glide SP settings to 58\% with the enhanced peptide sampling and scoring protocol in the case of redocking to the native protein structure. This approaches the accuracy of the recently developed Rosetta FlexPepDock method (63\% success for these 19 peptides) while being over 100 times faster. Cross-docking was performed for a subset of cases where an unbound receptor structure was available, and in that case, 40\% of peptides were docked successfully. We analyze the results and find that the optimized polypeptide protocol is most accurate for extended peptides of limited size and number of formal charges, defining a domain of applicability for this approach.},
	number = {9},
	journal = {Journal of Chemical Information and Modeling},
	author = {Fallis, A.G},
	year = {2013},
	pmid = {25246403},
	note = {arXiv: 1011.1669v3
ISBN: 9788578110796},
	keywords = {icle},
	pages = {1689--1699}
}

@book{jeronimo_ep._nodate,
	title = {Ep. 146 a {Evangelum}},
	author = {Jerônimo, São},
	note = {Citation Key: RF01}
}

@misc{rodrigues_no_nodate,
	title = {No {Title}},
	translator = {Rodrigues, Rafael},
	note = {Citation Key: RF02}
}

@book{jeronimo_ep._nodate-1,
	title = {Ep. 146 a {Evangelum}},
	author = {Jerônimo, São},
	note = {Citation Key: RF01}
}

@misc{rodrigues_no_nodate-1,
	title = {No {Title}},
	translator = {Rodrigues, Rafael},
	note = {Citation Key: RF02}
}

@article{noauthor_1008-3786-1-pb_nodate,
	title = {1008-3786-1-{PB}}
}

@article{noauthor_1084-4074-1-pb_nodate,
	title = {1084-4074-1-{PB}}
}

@article{morais_principio_nodate,
	title = {{PRINCÍPIO} {DA} {EFICIÊNCIA} {NA} {ADMINISTRAÇÃO} {PÚBLICA}},
	abstract = {RESUMO Este estudo consistiu em dissertar sobre a importância do princípio da eficiência, previsto no caput do artigo 37 da Constituição Federal na Administração Pública, bem como, seus reflexos em meio à sociedade. Princípios, no sentido jurídico, notadamente no plural, querem significar as normas elementares ou os requisitos primordiais instituídos como base, como alicerce de alguma coisa. No Direito Administrativo, os princípios revestem-se de grande importância. A Constituição Federal de 1988 elencou os seguintes princípios norteadores da Administração Pública: o da legalidade, impessoalidade, da moralidade e o da publicidade. No tocante ao princípio da eficiência, originário da Emenda Constitucional nº 19/98, que acrescentou ao artigo 37 este termo modificando a redação anterior, é aquele que impõe à Administração Pública direta e indireta a seus agentes a persecução do bem comum, por meio do exercício de suas competências de forma imparcial, neutra, transparente, participativa, eficaz, sem burocracia e sempre em busca da qualidade, primando pela adoção dos critérios legais e morais necessários para a melhor utilização possível dos recursos públicos, de maneira evitarem-se os desperdícios e garantir-se uma maior rentabilidade social. Palavras-chave: Administração pública. Eficiência. Cidadania.},
	author = {Morais, Janaina Jacolina}
}

@article{noauthor_o_nodate,
	title = {O estudo dos {Princípios} da {Eficiência}, {Eficácia} e {Economicidade} na {Administração} {Pública} - {Administrativo} - Âmbito {Jurídico}}
}

@article{carlos_cintra_do_amaral_o_2002,
	title = {O {PRINCÍPIO} {DA} {EFICIÊNCIA} {NO} {DIREITO} {ADMINISTRATIVO}},
	author = {Carlos Cintra do Amaral, Antônio},
	year = {2002}
}

@article{andre_da_cunha_-pge_ivan_aparecido_ruiz_-uem_capitulo_nodate,
	title = {Capítulo 8 -{Administração} e {Previdência} {Gestão} de {Políticas} {Públicas} no {Paraná}},
	abstract = {O princípio da eficiência foi introduzido de modo explícito na Constituição Federal por intermédio da Emenda Constitucional nº 19/1998, posicionando-se ao lado dos demais princípios da Administração Pública (legalidade, impessoalidade, moralidade, publicidade -art. 37, caput, CF). Muito embora haja alguma discussão doutrinária no sentido de que a eficiência já estava implícita na Carta Maior de 1988 como dever de todo agente público, referida questão não se apresenta relevante para o presente trabalho, uma vez que o mencionado princípio é hoje parte integrante da Constituição Federal, devendo como tal ser tratado. Logo, cabe analisar o seu significado, sua extensão e o que pode ser feito para que seja aplicado pelos gestores públicos. O presente texto tem por finalidade demonstrar a importância do princípio da eficiência para a Administração Pública, bem como a necessidade de que seus agentes comprometam-se em buscar maiores resultados dentro dos recursos disponíveis, sempre tendo como parâmetro o indeclinável atendimento ao interesse público, fim último do Estado. No vertente caso, porém, o tema será direcionado para a busca da eficiência na cobrança judicial da dívida ativa da Fazenda Pública do Estado do Paraná, aproveitando-se dos problemas vivenciados e dos conhecimentos acumulados em alguns anos de atuação na ação executiva fiscal. Oportuno destacar que a cobrança judicial da dívida ativa, cuja atribuição foi incumbida à Procuradoria Geral do Estado, nos termos do que preconiza o art. 124, inc. III, da Constituição do Estado do Paraná, que por seu turno encontra fundamento no art. 132 da Constituição Federal, enfrenta problemas de efetividade decorrentes, sobretudo, do extraordinário número de ações executivas atualmente em andamento, sendo que novos ajuizamentos são realizados todos os meses em volume maior do que os Procuradores de Estado podem fazer frente. Assim, além de tentar demonstrar o que representa, qual o alcance e o objetivo do princípio da eficiência, ainda se buscará estabelecer sua relação com a missão institucional da cobrança judicial da dívida ativa, sugerindo a adoção de algumas medidas visando cumprir da maneira mais otimizada e eficaz possível a referida obrigação. Não se trata de propostas revolucionárias ou suficientes por si mesmas a uma efetiva conquista de resultados expressivos, o que seria muita pretensão. O intuito principal é expor a importância de estar sempre revendo os métodos existentes, com a implementação de novas alternativas e a difusão de idéias e experiências, sem perder de vista a necessidade de uma prévia organização e planejamento direcionados à consecução de objetivos definidos, com o estabelecimento de prioridades tendentes a cuidar com mais especificidade daquilo que se revela de maior importância sob a ótica do interesse público. Caso surjam críticas ou reflexões dentro da Instituição, a missão do trabalho estará alcançada.},
	author = {André da Cunha -PGE Ivan Aparecido Ruiz -UEM, Marcos}
}

@article{noauthor_importancia_nodate,
	title = {A importância do princípio da eficiência como princípio da {Administração} {Pública} em relação às agências reguladoras - {Administrativo} - Âmbito {Jurídico}}
}

@book{meirelles_direito_2002,
	address = {São Paulo},
	title = {Direito {Administrativo} {Brasileiro}},
	publisher = {Malheiros},
	author = {Meirelles, H. L.},
	year = {2002},
	note = {Citation Key: Meirelles2002}
}

@book{brasi_constituicao_1998,
	address = {Brasília, DF},
	title = {Constituição {Federal} ({Texto} compilado até a {Emenda} {Constitucional} nº 91 de 18/02/2016)},
	isbn = {978-85-7365-732-6},
	url = {http://www.senado.gov.br/atividade/const/con1988/con1988_18.02.2016/CON1988.asp},
	publisher = {Senado Federal},
	author = {{Brasi}},
	year = {1998},
	note = {Citation Key: Brasi1998}
}

@article{pietrocola_construcao_1999,
	title = {Constru\{ç\}\{ã\}o e realidade: o realismo cient\{í\}fico de {Mario} {Bunge} e o ensino atrav\{é\}s dos modelos},
	volume = {4},
	issn = {1518-8795},
	abstract = {Nesse trabalho tecemos cr\{í\}ticas ao movimento construtivista, que segundo nossa avalia\{ç\}\{ã\}o super-valorizou o papel das constru\{ç\}\{õ\}es individuais, em detrimento da dimens\{ã\}o ontol\{ó\}gica do conhecimento cient\{í\}fico. Ele ser\{á\} desenvolvido tomando por base alguns trabalhos cr\{í\}ticos dirigidos ao movimento construtivismo e uma an\{á\}lise da recep\{ç\}\{ã\}o das id\{é\}ias de Thomas Kuhn pelas pesquisas em ensino de ci\{ê\}ncias. Uma de nossas conclus\{õ\}es ser\{á\} mostrar que o construtivismo n\{ã\}o valoriza suficientemente a apreens\{ã\}o de uma realidade associada ao mundo f\{í\}sico. Isto acaba por se refletir num enfraquecimento do conhecimento cient\{í\}fico frente a outras formas de conhecimento, instituindo uma esp\{é\}cie de relativismo epistemol\{ó\}gico entre as diversas formas de conhecer. Nesse sentido, apresentamos as id\{é\}ia de M\{á\}rio Bunge sobre o papel dos modelos na ci\{ê\}ncia e sua vincula\{ç\}\{ã\}o com a realidade. Visamos desta forma, minimizar excessos contidos nas teses construtivistas e realistas, ou seja a tend\{ê\}ncia a vislumbrar toda constru\{ç\}\{ã\}o humana como atividade desvinculada da dimens\{ã\}o ontol\{ó\}gica do mundo e todo realismo como expurgo da a\{ç\}\{ã\}o humana.},
	number = {3},
	journal = {Investiga\{ç\}\{õ\}es em Ensino de Ci\{ê\}ncias},
	author = {Pietrocola, Maurício},
	year = {1999},
	note = {Citation Key: Pietrocola1999},
	keywords = {construtivismo, ensino de ci\{ê\}ncias, modelos, realismo cient\{í\}fico},
	pages = {213--227}
}

@article{pathak_learning_2011,
	title = {Learning the physics of electricity: {A} qualitative analysis of collaborative processes involved in productive failure},
	volume = {6},
	issn = {15561607},
	doi = {10.1007/s11412-010-9099-z},
	abstract = {Earlier quantitative studies in computer-supported collaborative learning identified 'Productive Failure' (Kapur, Cognition and Instruction 26(3):379-424, 2008) as a phenomenon in which students experiencing relative failures in their initial problem-solving efforts subsequently performed better than others who were in a condition not involving an initial failure. In this qualitative study, we examine the problem-solving dynamics of two dyads: a Productive Failure (PF) dyad who initially received a low-structured activity and a Non-Productive Failure (N-PF) dyad who initially received a high-structured activity. Both dyads then received an identical high-structured problem-solving activity. This process was repeated using multiple sets of problems, and this paper will discuss two sets. Interactions of the two dyads were logged. Data for this study included video conversations of the dyads, screen captures of their use of a computer model, and their submitted answers. Results indicated that initial struggle and failed attempts provided an opportunity to the PF dyad to expand their observation space and thus engage deeply with the computer model. Over-scripting proved to be detrimental in creation of a mutual meaning-making space for the N-PF dyad. This paper suggests that the relative success of the PF dyad might be viewed in terms of induction of reflective reasoning practices. \{©\} 2011 International Society of the Learning Sciences, Inc.; Springer Science + Business Media, LLC.},
	number = {1},
	journal = {International Journal of Computer-Supported Collaborative Learning},
	author = {Pathak, Suneeta a. and Kim, Beaumie and Jacobson, Michael J and Zhang, Baohui},
	year = {2011},
	note = {Citation Key: Pathak2011
ISBN: 1556-1607},
	keywords = {Collaboration, Electricity, Physics education, Problem solving, Productive failure, Scientific inquiry},
	pages = {57--73}
}

@article{perkins_phet:_2006,
	title = {{PhET}: {Interactive} {Simulations} for {Teaching} and {Learning} {Physics}},
	volume = {44},
	issn = {0031921X},
	doi = {10.1119/1.2150754},
	number = {1},
	journal = {The Physics Teacher},
	author = {Perkins, Katherine and Adams, Wendy and Dubson, Michael and Finkelstein, Noah and Reid, Sam and Wieman, Carl and LeMaster, Ron},
	year = {2006},
	note = {Citation Key: Perkins2006},
	pages = {18}
}

@article{fiolhais_fisica_2003,
	title = {F\{í\}sica no computador: o computador como uma ferramenta no ensino e na aprendizagem das ci\{ê\}ncias f\{í\}sicas},
	volume = {25},
	issn = {1806-1117},
	doi = {10.1590/S1806-11172003000300002},
	abstract = {S˜ao conhecidas as dificuldades que muitos alunos apresentam na compreens˜ao dos fen´omenos f´ısicos. Entre as raz˜oes do insucesso na aprendizagem em F´ısica s˜ao apontados m´etodos de ensino desajustados das teorias de aprendizagem mais recentes assim como falta de meios pedag´ogicos modernos. A necessidade de diversificar m´etodos para combater o insucesso escolar, que ´e particularmente n´ıtido nas ciˆencias exactas, conduziu ao uso crescente e diversificado do computador no ensino da F´ısica. O computador oferece actualmente v´arias possibilidades para ajudar a resolver os problemas de insucesso das ciˆencias em geral e da F´ısica em particular. Neste trabalho, apresentamos uma breve resenha hist´orica da sua ascens˜ao no ensino. Procuramos relacionar a aplicac¸ ˜ao do computador com avanc¸os nas teorias de aprendizagem. Analisamos os principais modos de utilizac¸ ˜ao do computador no ensino, desde as simulac¸ ˜oes at´e `a realidade virtual, passando pela aquisic¸ ˜ao de dados em laborat´orio e pela Internet. Apesar do balanc¸o da utilizac¸ ˜ao dos computadores no ensino se revelar inegavelmente positivo, subsistem numerosos problemas por resolver. Com efeito, n˜ao obstante as suas reconhecidas potencialidades, o computador n˜ao se tornou a chave m´agica do sucesso educativo. Discutimos algumas dessas dificuldades. O potencial pedag´ogico dos computadores s´o poder´a ser plenamente realizado se estiverem dispon´ıveis programas educativos de qualidade e se existir uma boa articulac¸ ˜ao deles com os curr´ıculos e a pr´atica.},
	number = {3},
	journal = {Revista Brasileira de Ensino de F\{í\}sica},
	author = {Fiolhais, Carlos and Trindade, Jorge},
	year = {2003},
	note = {Citation Key: Fiolhais2003},
	keywords = {computer, hardware, physics, software},
	pages = {259--272}
}

@article{heckler_uso_2007,
	title = {Uso de simuladores, imagens e anima\{ç\}\{õ\}es como ferramentas auxiliares no ensino/aprendizagem de \{ó\}ptica},
	volume = {29},
	issn = {01024744},
	doi = {10.1590/S1806-11172007000200011},
	number = {2},
	journal = {Revista Brasileira de Engenharia Agr\{í\}cola e Ambiental},
	author = {Heckler, Valmir and Saraiva, Maria De Fátima Oliveira and Oliveira Filho, Kepler De Souza},
	year = {2007},
	note = {Citation Key: Heckler2007},
	keywords = {hypermedia, new technologies, optics teaching, physics teaching},
	pages = {267--273}
}

@article{leonardo_ciencias_2012,
	title = {Ci\{ê\}ncias {Cognitivas}, modelagem computacional e tecnologias educacionais},
	volume = {1},
	number = {2},
	journal = {Vozes dos Vales},
	author = {Leonardo, Prof and Carvalho, Lana De},
	year = {2012},
	note = {Citation Key: Leonardo2012},
	pages = {1--19}
}

@article{dorneles_integracao_2012-1,
	title = {Integra\{ç\}\{ã\}o entre atividades computacionais e experimentais como recurso instrucional no ensino de eletromagnetismo em {F}\{í\}sica {Geral}},
	volume = {18},
	issn = {1516-7313},
	doi = {10.1590/S1516-73132012000100007},
	abstract = {Investigam-se formas de integra\{ç\}\{ã\}o entre atividades computacionais e experimentais de modo a torn\{á\}-las complementares, auxiliando os alunos a atingirem uma aprendizagem significativa de conceitos de F\{í\}sica e compreenderem algumas ideias sobre modelos cient\{í\}ficos. A proposta did\{á\}tica, fundamentada: na teoria de Ausubel sobre aprendizagem significativa, na vis\{ã\}o epistemol\{ó\}gica de Bunge sobre modelos te\{ó\}ricos, e na teoria sociointeracionista de Vygotsky, foi aplicada a uma turma de licenciatura em F\{í\}sica da UFRGS, abrangendo todo o conte\{ú\}do de Eletromagnetismo em n\{í\}vel de F\{í\}sica Geral. Os resultados mostram que a integra\{ç\}\{ã\}o proposta pode proporcionar aos alunos uma vis\{ã\}o epistemol\{ó\}gica mais adequa- da sobre o papel dos modelos te\{ó\}ricos em F\{í\}sica e das atividades computacionais e experimentais nos processos de aprendizagem, promovendo a interatividade e seu engajamento no pr\{ó\}prio aprendizado, e transformando a sala de aula em um ambiente prop\{í\}cio para uma aprendizagem significativa. Palavras-chave:},
	number = {1},
	journal = {Ci\{ê\}ncia \{\&\} Educa\{ç\}\{ã\}o},
	author = {Dorneles, Pedro Fernando Teixeira and Araujo, Ives Solano and Veit, Eliane Angela},
	year = {2012},
	note = {Citation Key: Dorneles2012},
	keywords = {computer activities, electromagnetism, experimental activities, higher ed-, physics teaching},
	pages = {99--122}
}

@article{jacobson_guide_2013,
	title = {To guide or not to guide: issues in the sequencing of pedagogical structure in computational model-based learning},
	issn = {1049-4820},
	url = {http://www.tandfonline.com/doi/abs/10.1080/10494820.2013.792845},
	doi = {10.1080/10494820.2013.792845},
	abstract = {This research explores issues related to the sequencing of structure that is provided as pedagogical guidance. A study was conducted that involved grade 10 students in Singapore as they learned concepts about electricity using four NetLogo Investigations of Electricity agent-based models. It was found that the low-to-high structure learning sequences group participants scored significantly higher on the posttest assessments of conceptual and procedural understanding of electricity concepts, whereas the high-to-high structure learning sequences showed no significant changes from pretest to posttest. The implications of these findings are discussed with respect to other research into the sequencing and design of pedagogical structure and guidance in the literature.},
	number = {June},
	journal = {Interactive Learning Environments},
	author = {Jacobson, Michael J and Kim, Beaumie and Pathak, Suneeta and Zhang, BaoHui},
	year = {2013},
	note = {Citation Key: Jacobson2013
ISBN: 10494820 (ISSN)},
	pages = {1--16}
}

@article{macal_tutorial_2010,
	title = {Tutorial on agent-based modelling and simulation},
	volume = {4},
	issn = {1747-7778},
	url = {http://dx.doi.org/10.1057/jos.2010.3},
	doi = {10.1057/jos.2010.3},
	abstract = {Agent-based modelling and simulation (ABMS) is a relatively new approach to modelling systems composed of autonomous, interacting agents. Agent-based modelling is a way to model the dynamics of complex systems and complex adaptive systems. Such systems often self-organize themselves and create emergent order. Agent-based models also include models of behaviour (human or otherwise) and are used to observe the collective effects of agent behaviours and interactions. The development of agent modelling tools, the availability of micro-data, and advances in computation have made possible a growing number of agent-based applications across a variety of domains and disciplines. This article provides a brief introduction to ABMS, illustrates the main concepts and foundations, discusses some recent applications across a variety of disciplines, and identifies methods and toolkits for developing agent models.},
	number = {3},
	journal = {Journal of Simulation},
	author = {Macal, C M and North, M J},
	year = {2010},
	note = {Publisher: Palgrave Macmillan
Citation Key: Macal2010
ISBN: 17477778},
	keywords = {agent-based modelling and simulation, modelling behaviour, social simulation},
	pages = {151--162}
}

@article{medeiros_possibilidades_2002,
	title = {Possibilidades e {Limita}\{ç\}\{õ\}es das {Simula}\{ç\}\{õ\}es {Computacionais} no {Ensino} da {F}\{í\}sica},
	volume = {24},
	issn = {0102-4744},
	doi = {10.1590/S0102-47442002000200002},
	abstract = {Este artigo aborda a import\{â\}ncia das anima\{ç\}\{õ\}es e das simula\{ç\}\{õ\}es no ensino de F\{í\}sica.},
	number = {2},
	journal = {Revista Brasileira de Ensino de F\{í\}sica},
	author = {Medeiros, Alexandre and Medeiros, Cleide Farias De},
	year = {2002},
	note = {Citation Key: Medeiros2002}
}

@book{modeling_no_nodate,
	title = {No {Title}},
	isbn = {978-0-691-13673-8},
	author = {Modeling, Individual-based},
	note = {Citation Key: Modeling}
}

@inproceedings{pagno_ensino_2014,
	title = {Ensino {M}\{é\}dio {Integrado} \{à\} {Educa}\{ç\}\{ã\}o {Profissional}-{Percep}\{ç\}\{õ\}es e {Expectativas} dos {Estudantes}},
	booktitle = {Col\{ó\}quio {Internacional} de {Educa}\{ç\}\{ã\}o e {Semin}\{á\}rio de {Estrat}\{é\}gias e {A}\{ç\}\{õ\}es {Multidisciplinares}},
	author = {Pagno, Denise Danielli},
	year = {2014},
	note = {Citation Key: Pagno2014},
	pages = {485--498}
}

@inproceedings{pathak_failures_2009,
	title = {Failures and {Successes} in {Collaborative} {Inquiry} : {Learning} the {Physics} of {Electricity} with {Agent}-{Based} {Models} {Collaborative} {Inquiry} {Process} in {Two} {Cases}},
	booktitle = {Proceedings of the 9th international conference on {Computer} supported collaborative learning},
	author = {Pathak, Suneeta a and Kim, Beaumie},
	year = {2009},
	note = {Citation Key: Pathak2009},
	pages = {199--203}
}

@article{macal_agent-based_2007,
	title = {Agent-based modeling and simulation: {Desktop} {ABMS}},
	issn = {08917736},
	doi = {10.1109/WSC.2007.4419592},
	abstract = {Agent-based modeling and simulation (ABMS) is a new approach to modeling systems comprised of autonomous, interacting agents. ABMS promises to have far-reaching effects on the way that businesses use computers to support decision-making and researchers use electronic laboratories to support their research. Some have gone so far as to contend that ABMS "is a third way of doing science," in addition to traditional deductive and inductive reasoning (Axelrod 1997b). Computational advances have made possible a growing number of agent-based models across a variety of application domains. Applications range from modeling agent behavior in the stock market, supply chains, and consumer markets, to predicting the spread of epidemics, the threat of bio-warfare, and the factors responsible for the fall of ancient civilizations. This tutorial describes the theoretical and practical foundations of ABMS, identifies toolkits and methods for developing agent models, and illustrates the development of a simple agent-based model of shopper behavior using spreadsheets.},
	journal = {Proceedings - Winter Simulation Conference},
	author = {Macal, Charles M and North, Michael J},
	year = {2007},
	note = {Citation Key: Macal2007
ISBN: 1424413060},
	pages = {95--106}
}

@article{westphal_epistemologia_2004,
	title = {A {Epistemologia} de {Mario} {Bunge} e sua contribui\{ç\}\{ã\}o para o {Ensino} de {Ci}\{ê\}ncias},
	volume = {10},
	issn = {1980-850X},
	abstract = {Apresenta-se parte da epistemologia de Mario Bunge, sua preocupa\{ç\}\{ã\}o com a crise que se instaurou sobre a ci\{ê\}ncia e com o avan\{ç\}o de vis\{õ\}es relativistas como as de Kuhn e Feyerabend. Destacam-se as diverg\{ê\}ncias de opini\{õ\}es e as muitas cr\{í\}ticas que desenvolve no anseio de retorno ao realismo ontol\{ó\}gico – seu maior interesse – raz\{ã\}o de um progresso cient\{í\}fico coeso e de uma aproxima\{ç\}\{ã\}o consistente com a verdade. Faz-se refer\{ê\}ncia, ainda, ao uso de tal epistemologia no ensino de ci\{ê\}ncias, mostrando-se o seu benef\{í\}cio, em contraste \{à\}quelas anti-realistas, quando se pensa nos estudantes, em seus interesses e nas poss\{í\}veis mudan\{ç\}as conceituais que s\{ã\}o o objetivo de qualquer forma de ensino.},
	number = {3},
	journal = {Ci\{ê\}ncia \{\&\} educa\{ç\}\{ã\}o},
	author = {Westphal, Murilo and Pinheiro, Thais Cristine},
	year = {2004},
	note = {Citation Key: Westphal2004},
	keywords = {Ensino de Ci\{ê\}ncias, Epistemologia, Mario Bunge, Realismo},
	pages = {585--596}
}

@book{railsback_agent_2011,
	title = {Agent {Based} and {Individual} {Based} {Modeling}: {A} {Practical} {Introduction}},
	publisher = {Princeton University Press},
	author = {Railsback, Steven F. and Grimm, Volker},
	year = {2011},
	note = {Citation Key: Railsback2011},
	keywords = {★}
}

@article{adamatti_simulacao_2011,
	title = {Simula\{ç\}\{ã\}o {Baseada} em {Multiagentes} como {Ferramenta} em {Estudos} {Interdisciplinares}},
	volume = {9},
	number = {1},
	journal = {Novas Tecnologias na Educa\{ç\}\{ã\}o},
	author = {Adamatti, Diana F},
	year = {2011},
	note = {Citation Key: Adamatti2011},
	keywords = {interdisciplinary, multi-agent-based simulation}
}

@article{araujo_uma_2004,
	title = {Uma revis\{ã\}o da literatura sobre estudos relativos a tecnologias computacionais no {Ensino} de {Fisica}},
	volume = {4},
	url = {http://www.if.ufrgs.br/cref/ntef/producao/IIEIBIEC.PDF},
	abstract = {Neste trabalho apresentamos os resultados de uma revis\{ã\}o da literatura referente ao uso de tecnologias computacionais no ensino de F\{í\}sica em n\{í\}vel m\{é\}dio e universit\{á\}rio.},
	number = {3},
	journal = {Revista Brasileira de Pesquisa em Educa\{ç\}\{ã\}o em Ci\{ê\}ncias},
	author = {Araujo, Ives Solano and Veit, Eliane Angela and Moreira, Marco Antonio},
	year = {2004},
	note = {Citation Key: Araujo2004},
	keywords = {Computador no ensino de F\{í\}sica., Ensino de F\{í\}sica, Tecnologias computacionais},
	pages = {5--18}
}

@article{bao_physics._2009,
	title = {Physics. {Learning} and scientific reasoning.},
	volume = {323},
	issn = {0036-8075},
	doi = {10.1126/science.1167740},
	abstract = {The development of general scientific abilities is critical to enable students of science, technology, engineering, and mathematics (STEM) to successfully handle open-ended real-world tasks in future careers. We therefore asked whether learning STEM content knowledge does in fact have an impact on the development of scientific-reasoning ability.},
	number = {5914},
	journal = {Science},
	author = {Bao, Lei and Cai, Tianfan and Koenig, Kathy and Fang, Kai and Han, Jing and Wang, Jing and Liu, Qing and Ding, Lin and Cui, Lili and Luo, Ying and Wang, Yufeng and Li, Lieming and Wu, Nianle},
	year = {2009},
	pmid = {19179514},
	note = {Citation Key: Bao2009
ISBN: 1095-9203 (Electronic)},
	pages = {586--587}
}

@article{barbosa_investigacao_1999,
	title = {Investiga\{ç\}\{ã\}o do papel da experimenta\{ç\}\{ã\}o na constru\{ç\}\{ã\}o de conceitos em eletricidade no ensino m\{é\}dio.},
	volume = {16},
	number = {1},
	journal = {Caderno Brasileiro de Ensino de F\{í\}sica},
	author = {Barbosa, Joaquim De Oliveira and Paulo, Sr De and Rinaldi, Carlos},
	year = {1999},
	note = {Citation Key: Barbosa1999
ISBN: 2175-7941},
	pages = {105--122}
}

@article{belcher_field_2003,
	title = {Field line motion in classical electromagnetism},
	volume = {71},
	issn = {00029505},
	doi = {10.1119/1.1531577},
	abstract = {We consider the concept of field line motion in classical electromagnetism for crossed electromagnetic fields and suggest definitions for this motion that are physically meaningful but not unique. Our choice has the attractive feature that the local motion of the field lines is in the direction of the Poynting vector. The animation of the field line motion using our approach reinforces Faraday's insights into the connection between the shape of the electromagnetic field lines and their dynamical effects. We give examples of these animations, which are available on the Web.},
	number = {3},
	journal = {American Journal of Physics},
	author = {Belcher, John W and Olbert, Stanislaw},
	year = {2003},
	note = {Citation Key: Belcher2003},
	pages = {220}
}

@phdthesis{carlos_interdisciplinaridade_2007,
	title = {Interdisciplinaridade no {Ensino} {M}\{é\}dio: {Desafios} e potencialidades},
	school = {Universidade de Bras\{í\}lia},
	author = {Carlos, Jairo Gonçalves},
	year = {2007},
	note = {Citation Key: Carlos2007}
}

@article{sengupta_learning_2009,
	title = {Learning electricity with {NIELS}: {Thinking} with electrons and thinking in levels},
	volume = {14},
	issn = {13823892},
	doi = {10.1007/s10758-009-9144-z},
	abstract = {Electricity is regarded as one of the most challenging topics for students of all ages. Several researchers have suggested that naı¨ve misconceptions about electricity stem from a deep incommensurability (Slotta and Chi 2006; Chi 2005) or incompatibility (Chi et al. 1994) between naı¨ve and expert knowledge structures. In this paper we argue that adopting an emergent levels-based perspective as proposed by Wilensky and Resnick (1999), allows us to reconceive commonly noted misconceptions in electricity as behavioral evi- dences of ‘‘slippage between levels,’’ i.e., these misconceptions appear when otherwise productive knowledge elements are sometimes activated inappropriately due to certain macro-level phenomenological cues only. We then introduce NIELS (NetLogo Investiga- tions In Electromagnetism), a curriculum of emergent multi-agent-based computational models. NIELS models represent phenomena such as electric current and resistance as emergent from simple, body-syntonic interactions between electrons and other charges in a circuit. We discuss results from a pilot implementation of NIELS in an undergraduate physics course, that highlight the ability of an emergent levels-based approach to provide students with a deep, expert-like understanding of the relevant phenomena by bootstrapping, rather than discarding their existing repertoire of intuitive knowledge. Keywords},
	number = {1},
	journal = {International Journal of Computers for Mathematical Learning},
	author = {Sengupta, Pratim and Wilensky, Uri},
	year = {2009},
	note = {Citation Key: Sengupta2009},
	keywords = {Cognition, Complex systems, Design, Education, Electric current, Electricity, Electrostatics, Knowledge representation, Learning, Learning sciences, Multi-agent based models, NIELS, NetLogo, NetLogo investigations in electromagnetism, Ohm's Law, Physics, Resistance, ★},
	pages = {21--50}
}

@incollection{sengupta_lowering_2011,
	title = {Lowering the learning threshold: {Multi}-agent-based models and learning electricity},
	isbn = {978-94-007-0448-0},
	url = {http://www.jstor.org/stable/10.2307/4437721},
	booktitle = {Models and {Modeling}},
	publisher = {Springer},
	author = {Sengupta, Pratim and Wilensky, Uri},
	year = {2011},
	doi = {10.1007/978-94-007-0449-7},
	note = {Citation Key: Sengupta2011},
	keywords = {★},
	pages = {141--171}
}

@inproceedings{camarini_importancia_2005,
	title = {A {Import}\{â\}ncia {De} {Aulas} {Experimentais} {No} {Processo} {Ensino}-{Aprendizagem} {Em} {F}\{í\}sica : "{Eletricidade}".},
	booktitle = {{XVI} {Simp}\{ó\}sio {Nacional} de ensino de {F}\{í\}sica-{SNEF}},
	author = {Camarini, Vagner},
	year = {2005},
	note = {Citation Key: Camarini2005},
	pages = {1--4}
}

@article{sales_atividades_2008,
	title = {Atividades de modelagem explorat\{ó\}ria aplicada ao ensino de f\{í\}sica moderna com a utiliza\{ç\}\{ã\}o do objeto de aprendizagem pato qu\{â\}ntico},
	volume = {30},
	issn = {1806-1117},
	doi = {10.1590/S1806-11172008000300017},
	number = {3},
	journal = {Revista Brasileira de Ensino de F\{í\}sica},
	author = {Sales, Gilvandenys Leite and Vasconcelos, Francisco Herbert Lima and Castro Filho, José Aires De and Pequeno, Mauro Cavalcante},
	year = {2008},
	note = {Citation Key: Sales2008},
	keywords = {exploratory, learning object quantum duck, modern and contemporary physics, photoelectric effect},
	pages = {3501.1--3501.13}
}

@article{veit_modelagem_2002,
	title = {Modelagem no {Ensino}/{Aprendizagem} de {F}\{í\}sica e os {Novos} {Par}\{â\}metros {Curriculares} {Nacionais} para o {Ensino} {M}\{é\}dio},
	volume = {24},
	issn = {0102-4744},
	abstract = {Discute-se a import\{â\}ncia da modelagem no ensino/aprendizagem de F\{í\}sica em conex\{ã\}o com os novos par\{â\}metros curriculares nacionais para o ensino m\{é\}dio (PCNEM). Apresentam-se as caracter\{í\}sticas essenciais do software Modellus, concebido especialmente para modelagem em Ci\{ê\}ncias F\{í\}sicas e Matem\{á\}tica sob uma vis\{ã\}o de ensino que enfatiza, no processo de aprendizagem, a explora\{ç\}\{ã\}o e a cria\{ç\}\{ã\}o de m\{ú\}ltiplas representa\{ç\}\{õ\}es de fen\{ô\}menos f\{í\}sicos e de objetos matem\{á\}ticos.},
	number = {2},
	journal = {Revista Brasileira de Ensino de F\{í\}sica},
	author = {Veit, Eliane Angela and Teodoro, Vitor Duarte},
	year = {2002},
	note = {Citation Key: Veit2002},
	pages = {87--96}
}

@article{vidal_fundamentals_2007,
	title = {Fundamentals of multiagent systems with {NetLogo} examples},
	volume = {1},
	issn = {1943-0744},
	url = {http://scholar.google.com/scholar?hl=en%7B&%7DbtnG=Search%7B&%7Dq=intitle:Fundamentals+of+Multiagent+Systems+with+NetLogo+Examples%7B#%7D0$%5C$nhttp://services.igi-global.com/resolvedoi/resolve.aspx?doi=10.4018/jats.2009071006$%5C$nhttp://www.aaai.org/ojs/index.php/aimag},
	doi = {10.4018/jats.2009071006},
	abstract = {A multiagent systems textbook which emphasizes the game theoretical foundations of multiagent research and combines them with hands-on experimentation of system dynamics using NetLogo sample programs. This textbook is a work in progress.},
	number = {4},
	journal = {AI magazine},
	author = {Vidal, Jm},
	year = {2007},
	note = {Citation Key: Vidal2007
ISBN: 9780511811654},
	pages = {151}
}

@article{thiele_agent-and_2011,
	title = {Agent-and individual-based {Modelling} with {NetLogo}: introduction and {New} {NetLogo} {Extensions}},
	volume = {22},
	url = {http://scholar.google.com/scholar?hl=en%7B&%7DbtnG=Search%7B&%7Dq=intitle:Agent+and+individual-based+modelling+with+NetLogo:+Introduction+and+new+NetLogo+extensions%7B#%7D1},
	doi = {ISSN 1860-4064},
	abstract = {Agent-based models (ABM) or individual-based models (IBM), as they are called in ecology and biology, are a widely used modeling approach when local interactions on the micro level are essential for the description of patterns on the macro level. This chapter is divided into four sections. In the first section, the history and definitions of ABMs in various research disciplines, namely computer science, social science, economics and ecology, are reviewed. This section closes with a discussion of similarities and differences in the different research fields and a discussion of current challenges in agent-based modeling. One of these difficulties is the lack of accepted standards for communication and programming. The second section refers to this point by a presentation of some widely used ABM libraries, namely Swarm, Mason, Repast and NetLogo and is followed by a more detailed description of NetLogo as a potential standard tool in ABM communication. In the last section extensions to NetLogo, developed by the authors of this chapter, are presented. This includes the MultiView-Extension, the R- Extension and the NetLogo plug-In for the Pygments syntax highlighter. The chapter closes with an outlook to further tools for NetLogo which aim at making NetLogo even more relevant as a standard tool in ABM.},
	journal = {Die Gr\{ü\}ne Reihe},
	author = {Thiele, Jc and Kurth, Winfried and Grimm, Volker},
	year = {2011},
	note = {Citation Key: Thiele2011},
	pages = {68--101}
}

@inproceedings{sengupta_learning_2008,
	title = {On {Learning} {Electricity} {With} {Multi}-{Agent} {Based} {Computational} {Models}},
	booktitle = {Proceedings of the 8th international conference on {International} conference for the learning sciences},
	author = {Sengupta, Pratim and Wilensky, Uri},
	year = {2008},
	note = {Citation Key: Sengupta2008},
	pages = {123--124}
}

@inproceedings{tisue_netlogo:_2004,
	title = {Netlogo: {A} simple environment for modeling complexity},
	isbn = {0-7695-2072-3},
	doi = {10.1109/ICVD.2004.1261037},
	abstract = {NetLogo [Wilensky, 1999] is a multi-agent programming language and modeling environment for simulating complex phenomena. It is designed for both research and education and is used across a wide range of disci- plines and education levels. In this paper we focus on NetLogo as a tool for research and for teaching at the undergraduate level and higher. We outline the principles behind our design and describe recent and planned enhancements.},
	booktitle = {International {Conference} on {Complex} {Systems}},
	author = {Tisue, Seth and Wilensky, Uri},
	year = {2004},
	note = {Citation Key: Tisue2004},
	pages = {1--10}
}

@article{lopes_os_2002,
	title = {Os {Parâmetros} curriculares nacionais para o ensino médio e a submissão ao mundo produtivo: o caso do conceito de contextualização},
	volume = {23},
	issn = {0101-7330},
	doi = {10.1590/S0101-73302002008000019},
	abstract = {LOPES, Alice Casimiro. Os Parâmetros curriculares nacionais para o ensino médio e a submissão ao mundo produtivo: o caso do conceito de contextualização. Educ. Soc. [online]. 2002, vol.23, n.80, pp. 386-400. ISSN 0101-7330.},
	number = {80},
	journal = {Educação \& Sociedade},
	author = {Lopes, Alice Casimiro},
	year = {2002},
	pages = {386--400}
}

@article{novais_da_silva_argumentacao_2004,
	title = {A {Argumentação} {Presente} em {Diferentes} {Gêneros} {Textuais}},
	abstract = {Sabe-se que a linguagem humana hoje é estudada não apenas por sua finalidade comunicativa, pois o ato da comunicação está associado, segundo alguns teóricos, a algo mais específico da língua: argumentar. Por isso, este trabalho apresenta as características básicas da argumentação, tendo como embasamento teórico os autores Othom M. Garcia, Adilson Citelli, Luiz Antonio Marcuschi e Ingedore Koch, e procura identificar essas características em diferentes gêneros textuais, para demonstrar que a argumentação é ato inerente à língua, independente do suporte que a mesma se utiliza. Para isso, analisaremos textos de diferentes gêneros e identificaremos em cada um as estratégias argumentativas encontradas, mostrando que, com menor ou maior grau de intencionalidade, qualquer discurso está isento do mito da neutralidade, como afirma Koch (2004).},
	journal = {Revista Anagrama},
	author = {Novais da Silva, Giseli},
	year = {2004},
	pages = {1--15}
}

@book{witherow_apostolic_1869,
	edition = {4},
	title = {The {Apostolic} {Church}},
	url = {http://commons.ptsem.edu/id/apostolicchurchw00with},
	author = {WITHEROW, Thomas},
	year = {1869},
	note = {Issue: 2}
}

@article{sutton_captains_nodate,
	title = {Captains and courts},
	author = {Sutton, Ray R.}
}

@article{cavalcanti_deteccao_2011,
	title = {Detecção e {Avaliação} de {Cola} em {Provas} {Escolares} {Utilizando} {Mineração} de {Texto}: um {Estudo} de {Caso}},
	volume = {19},
	issn = {1414-5685},
	url = {http://www.br-ie.org/pub/index.php/rbie/article/view/1276},
	doi = {10.5753/RBIE.2011.19.02.56},
	number = {02},
	journal = {Revista Brasileira de Informática na Educação},
	author = {Cavalcanti, Elmano Ramalho and Cavalcanti, Elmano Pontes and Pires, Carlos Eduardo and Costa, Rodrigo Alves and Cavalcanti, Caroline Ramalho},
	year = {2011},
	keywords = {02, 03 de janeiro de, 03 de junho de, 10, 19, 2011, 24 de agosto de, 56, 5753, aceito, cheating de-, cheating evaluation, documents classification, doi, publicado, rbie, recebido, technology-mediated education, tection, text mining, ufcg, vector space model},
	pages = {56--69}
}

@article{potter_reply_1878,
	title = {A reply to "{The} {Apostolic} {Church}, {Wich} {Is} {It}?"},
	volume = {0},
	url = {https://archive.org/details/cihm_24167},
	number = {716},
	author = {Potter, Thomas G.},
	year = {1878}
}

@article{bonabeau_agent-based_2002,
	title = {Agent-based modeling: methods and techniques for simulating human systems.},
	volume = {99 Suppl 3},
	abstract = {Agent-based modeling is a powerful simulation modeling technique that has seen a number of applications in the last few years, including applications to real-world business problems. After the basic principles of agent-based simulation are briefly introduced, its four areas of application are discussed by using real-world applications: flow simulation, organizational simulation, market simulation, and diffusion simulation. For each category, one or several business applications are described and analyzed.},
	journal = {Proceedings of the National Academy of Sciences of the United States of America},
	author = {Bonabeau, Eric},
	year = {2002},
	note = {Publisher: Icosystem Corporation, 545 Concord Avenue, Cambridge, MA 02138, USA. eric@icosystem.com},
	pages = {7280--7287}
}